@ARTICLE{deboer2017,
	author = {{DeBoer}, D.~R. and {Parsons}, A.~R. and {Aguirre}, J.~E. and 
	{Alexander}, P. and {Ali}, Z.~S. and {Beardsley}, A.~P. and 
	{Bernardi}, G. and {Bowman}, J.~D. and {Bradley}, R.~F. and 
	{Carilli}, C.~L. and {Cheng}, C. and {de Lera Acedo}, E. and 
	{Dillon}, J.~S. and {Ewall-Wice}, A. and {Fadana}, G. and {Fagnoni}, N. and 
	{Fritz}, R. and {Furlanetto}, S.~R. and {Glendenning}, B. and 
	{Greig}, B. and {Grobbelaar}, J. and {Hazelton}, B.~J. and {Hewitt}, J.~N. and 
	{Hickish}, J. and {Jacobs}, D.~C. and {Julius}, A. and {Kariseb}, M. and 
	{Kohn}, S.~A. and {Lekalake}, T. and {Liu}, A. and {Loots}, A. and 
	{MacMahon}, D. and {Malan}, L. and {Malgas}, C. and {Maree}, M. and 
	{Martinot}, Z. and {Mathison}, N. and {Matsetela}, E. and {Mesinger}, A. and 
	{Morales}, M.~F. and {Neben}, A.~R. and {Patra}, N. and {Pieterse}, S. and 
	{Pober}, J.~C. and {Razavi-Ghods}, N. and {Ringuette}, J. and 
	{Robnett}, J. and {Rosie}, K. and {Sell}, R. and {Smith}, C. and 
	{Syce}, A. and {Tegmark}, M. and {Thyagarajan}, N. and {Williams}, P.~K.~G. and 
	{Zheng}, H.},
	title = "{Hydrogen Epoch of Reionization Array (HERA)}",
	journal = {\pasp},
	archivePrefix = "arXiv",
	eprint = {1606.07473},
	primaryClass = "astro-ph.IM",
	year = 2017,
	month = apr,
	volume = 129,
	number = 4,
	pages = {045001},
	doi = {10.1088/1538-3873/129/974/045001},
	adsurl = {http://adsabs.harvard.edu/abs/2017PASP..129d5001D},
	adsnote = {Provided by the SAO/NASA Astrophysics Data System}
}

@ARTICLE{furlanetto2006,
   author = {{Furlanetto}, S.~R. and {Oh}, S.~P. and {Briggs}, F.~H.},
    title = "{Cosmology at low frequencies: The 21 cm transition and the high-redshift Universe}",
  journal = {\physrep},
   eprint = {astro-ph/0608032},
     year = 2006,
    month = oct,
   volume = 433,
    pages = {181-301},
      doi = {10.1016/j.physrep.2006.08.002},
   adsurl = {http://adsabs.harvard.edu/abs/2006PhR...433..181F},
  adsnote = {Provided by the SAO/NASA Astrophysics Data System}
}

@ARTICLE{morales2010,
   author = {{Morales}, M.~F. and {Wyithe}, J.~S.~B.},
    title = "{Reionization and Cosmology with 21-cm Fluctuations}",
  journal = {\araa},
archivePrefix = "arXiv",
   eprint = {0910.3010},
     year = 2010,
    month = sep,
   volume = 48,
    pages = {127-171},
      doi = {10.1146/annurev-astro-081309-130936},
   adsurl = {http://adsabs.harvard.edu/abs/2010ARA%26A..48..127M},
  adsnote = {Provided by the SAO/NASA Astrophysics Data System}
}

@ARTICLE{pritchard2012,
	author = {{Pritchard}, J.~R. and {Loeb}, A.},
	title = "{21 cm cosmology in the 21st century}",
	journal = {\rpph},
	archivePrefix = "arXiv",
	eprint = {1109.6012},
	year = 2012,
	month = aug,
	volume = 75,
	number = 8,
	eid = {086901},
	pages = {086901},
	doi = {10.1088/0034-4885/75/8/086901},
	adsurl = {http://adsabs.harvard.edu/abs/2012RPPh...75h6901P},
	adsnote = {Provided by the SAO/NASA Astrophysics Data System}
}